@article{hadley2014tidy,
  title={Tidy data},
  author={Hadley, Wickham},
  journal={Journal of Statistical Software},
  volume={59},
  number={10},
  pages={1--23},
  year={2014}
}



@book{ismay2019statistical,
  title={Statistical inference via data science: A ModernDive into R and the tidyverse},
  author={Ismay, Chester and Kim, Albert Y},
  year={2019},
  publisher={CRC Press}
}


@book{wickham2016r,
  title={R for data science: import, tidy, transform, visualize, and model data},
  author={Wickham, Hadley and Grolemund, Garrett},
  year={2016},
  publisher={" O'Reilly Media, Inc."}
}


@book{fernandez2024fundamentos,
  title={Fundamentos de ciencia de datos con {R}},
  author={Fern{\'a}ndez-Avil{\'e}s, G and Montero, JM},
  year={2024},
  publisher={McGraw-Hill}
}

@book{wilkinson2012grammar,
  title={The grammar of graphics},
  author={Wilkinson, Leland},
  year={2012},
  publisher={Springer}
}


@book{knaflic2019storytelling,
  title={Storytelling with data: let's practice!},
  author={Knaflic, Cole Nussbaumer},
  year={2019},
  publisher={John Wiley \& Sons}
}

@book{knaflic2015storytelling,
  title={Storytelling with data: A data visualization guide for business professionals},
  author={Knaflic, Cole Nussbaumer},
  year={2015},
  publisher={John Wiley \& Sons}
}